@book{raviartthomast1983,
 title={Introduction à  l'analyse numérique des équations aux dérivées partielles},
 author={Raviart P.A. and Thomas J.M.},
 publisher={Masson},
 year={1983}
 }
@article{prud2006domain,
  title={{A domain specific embedded language in C++ for automatic differentiation, projection, integration and variational formulations}},
  author={Prud'homme, C.},
  journal={Scientific Programming},
  volume={14},
  number={2},
  pages={81--110},
  year={2006},
  publisher={IOS Press},
  url={https://hal.archives-ouvertes.fr/hal-00662868}
}

@unpublished{FeelPaper,
  title={{A Computational Framework for Galerkin Methods}},
  author={Pena, G. and Gratien, J.M. and Di Pietro, D.A and Veys, S. and Chabannes, V. and Prud'homme, C.},
  year = {2011}
}

@incollection{Prudhomme.ea:2007,
year={2007},
isbn={978-3-540-75754-2},
booktitle={Applied Parallel Computing. State of the Art in Scientific Computing},
volume={4699},
series={Lecture Notes in Computer Science},
editor={Kågström, Bo and Elmroth, Erik and Dongarra, Jack and Waśniewski, Jerzy},
doi={10.1007/978-3-540-75755-9_87},
title={Life: Overview of a Unified C++ Implementation of the Finite and Spectral Element Methods in 1D, 2D and 3D},
url={http://dx.doi.org/10.1007/978-3-540-75755-9_87},
publisher={Springer Berlin Heidelberg},
author={Prud’homme, Christophe},
pages={712-721}
}



@article{prudhomme:hal-00662868,
  AUTHOR = {Prud'Homme, Christophe and Chabannes, Vincent and Doyeux, Vincent and Ismail, Mourad and Samake, Abdoulaye and Pena, Gon{\c c}alo},
  TITLE = {{Feel++: A Computational Framework for Galerkin Methods and Advanced Numerical Methods}},
  JOURNAL = {{ESAIM: Proc.}},
  VOLUME = {38},
  PAGES = {429 - 455},
  YEAR = {2012},
  MONTH = Dec,
  KEYWORDS = {Galerkin methods ; finite element ; domain decomposition ; ficticious domain ; domain specific embedded language ; programming paradigms},
  DOI = {10.1051/proc/201238024},
  URL = {http://hal.archives-ouvertes.fr/hal-00662868}
}

@Misc{prudhomme:_feel,
  author =    {C. Prud'homme and V. Chabannes and G. Pena},
  title =     {Feel++: {F}inite {E}lement {E}mbedded {L}anguage in {C}++},
  howpublished = {Free Software available at http://www.feelpp.org},
  note =      {Contributions from A. Samake, V. Doyeux, M. Ismail and S. Veys}}


@ARTICLE{Prudhomme.ea:2006,
  author       = {Christophe Prud'homme},
  title        = {A domain specific embedded language in {C++} for automatic differentiation, projection, integration and variational formulations},
  howpublished = {Scientific Programming, 14(2):81-110},
  year         = {2006}
}

%%
%% 2014
%%
@Misc{ismail14:_towar_blood_flow,
  author = 	 {M. Ismail},
  title = 	 {Towards Blood Flow modeling. A \texttt{FEEL++} HPC Framework},
  howpublished = {Tec21 Workshop},
  month = 	 {February},
  year = 	 2014,
  note = 	 {\url{http://www.tec21.fr/}}}


%%
%% 2013
%%
    2013

@InProceedings{jolivet13:_scalab_domain_decom_precon_for,
  author = 	 {Jolivet, P. and  Hecht, F. and Nataf, F. and Prud'homme, C.},
  title = 	 {Scalable Domain Decomposition Preconditioners For Heterogeneous Elliptic Problems},
  booktitle = {ACM/IEEE conference on Supercomputing. SC13 },
  year = 	 2013,
  publisher = {IEEE Computer Society.}}

@Misc{prudhomme13:_fluid,
  author = 	 {C. Prud'homme},
  title = 	 {Fluid structure interaction with application to blood flow and blood rheology},
  howpublished = {AICES Seminar at RWTH Aachen},
  month = 	 {November},
  year = 	 2013,
  note = 	 {\url{http://www.aices.rwth-aachen.de/news-events/ims/abstracts-seminar-series-ws-2013-14/prud-homme-seminar}}}

@InProceedings{m.13:_towar,
  author = 	 {Szopos M. and Chabannes V. and Ismail M. and and Prud'homme C. and Tarabay R. },
  title = 	 {Towards large-scale three-dimensional blood flow simulations in realistic geometries},
  booktitle = {Congres SMAI },
  year = 	 2013,
 month = {May}}

@InProceedings{c.13:_reduc_high_perfor_comput,
  author = 	 {Prud'homme C. and Daversin C and Trophime C. and Vey S.},
  title = 	 {Reduced basis methods and High Performance Computing: Applications to
Multi-Physics Non-Linear problems},
  booktitle = {Congres SMAI},
  year = 	 2013,
 month = {May}}


@InProceedings{debray13:_applic_reduc,
  author = 	 {F. Debray and C. Daversin and C. Prud'homme and C. Trophime and S. Veys},
  title = 	 {Applications of Reduced order modeling to high magnetic field resistive magnets developments},
  booktitle = {Magnet Technology},
  year = 	 2013,
  month = 	 {July}}

@InProceedings{ismail13:_from,
  author = 	 {Mourad Ismail and Vincent Chabannes and Vincent
                  Doyeux and Christophe Prud'homme},
  title = 	 {From single vesicle to suspension dynamics. Application to RBCs},
  booktitle = {MPF},
  year = 	 2013,
  month = 	 {June},
  organization = {Paper presented at MPF2013, Chia Laguna, Domus de Maria, Cagliari, Sardinia Island, Italy},
  note = 	 {Available at \url{http://www2.mate.polimi.it/ocs/viewabstract.php?id=338&cf=31}}}




@phdthesis{chabannes_thesis2013,
  title = {Vers la simulation des \'{e}coulements sanguins},
  author = {V. Chabannes},
  school = {Universit\'e Joseph Fourier, Grenoble},
  notes = {PhD thesis},
  year = 2013,
 month = {July }
 }

@phdthesis{doyeuxr:_blood,
  title = {Modeling and simulation of multi-fluid systems. Application to blood flows},
  author = {V. Doyeux},
  school = {Universit\'e Joseph Fourier, Grenoble},
  notes = {PhD thesis},
  year = {2014},
  month={January}

 }

%%
%% 2012
%%
@article{caldiniqueiros:hal-00786556,
    hal_id = {hal-00786556},
    url = {http://hal.archives-ouvertes.fr/hal-00786556},
    title = {{Towards large-scale three-dimensional blood flow simulations in realistic geometries}},
    author = {Caldini Queiros, C{\'e}line and Chabannes, Vincent and Ismail, Mourad and Pena, Gon{\c c}alo and Prud'Homme, Christophe and Szopos, Marcela and Tarabay, Ranine},
    abstract = {{This paper addresses the numerical approximation of fluid dynamics problems using various finite element methods including high order methods and high order geometry. The paper is divided in three parts. The first part concerns the various problem formulations and discretization methods we are interested in. Using the Stokes equations as model, several different types of boundary conditions are presented and discussed. The second part deals with describing the high performance framework \Feel with which we obtained the various numerical results including scalability studies. Finally we display numerical results: we start with convergence properties of the various formulations and associated discretization choices including high order geometries and we finish with a Navier-Stokes simulation within the cerebral venous system.}},
    keywords = {Stokes; Navier-Stokes; Scalability; High order methods; Blood flows; Complex geometries},
    language = {Anglais},
    affiliation = {CALVI - INRIA Nancy - Grand Est / IECN / LSIIT / IRMA , Laboratoire de Math{\'e}matiques - LM-Besan{\c c}on , Laboratoire Jean Kuntzmann - LJK , Laboratoire Interdisciplinaire de Physique - LIPhy , Center for Mathematics [Coimbra] - CMUC , Institut de Recherche Math{\'e}matique Avanc{\'e}e - IRMA},
    note = {pp. 17, Accepted in ESAIM: Proc },
    collaboration = {Feel++ },
    year = {2013-06},
    pdf = {\url{http://hal.archives-ouvertes.fr/hal-00786556/PDF/cemracs\_vivabrain.pdf}},
}

@article{chabannes:hal-01109767,
  TITLE = {{Hemodynamic simulations in the cerebral venous network: A study on the influence of different modeling assumptions}},
  AUTHOR = {Chabannes, Vincent and Ismail, Mourad and Prud'Homme, Christophe and SZOPOS, Marcela},
  URL = {https://hal.archives-ouvertes.fr/hal-01109767},
  JOURNAL = {{Journal of Coupled Systems and Multiscale Dynamics}},
  VOLUME = {3},
  NUMBER = {1},
  PAGES = {23-37},
  YEAR = {2015},
  MONTH = Apr,
  DOI = {10.1166/jcsmd.2015.1062},
  KEYWORDS = {Mathematical Modeling ;  Cerebrovenous Hemodynamics ;  Blood Flow Simulations ;  High Performance Computing. ;  Finite Element Method},
  PDF = {https://hal.archives-ouvertes.fr/hal-01109767/file/CIPS_preprint.pdf},
  HAL_ID = {hal-01109767},
  HAL_VERSION = {v2},
  }


  %% Gmsh
@Article{gmsh-centerlines,
  author = 	 {E. Marchandise and C. Geuzaine and J.F. Remacle},
  title = 	 {Cardiovascular and lung mesh generation based on centerlines},
  journal = 	 {International Journal for Numerical Methods in Biomedical Engineering},
  note={submitted in 2013}
}

@Article{gmsh,
  author = {C. Geuzaine and J.-F. Remacle},
  title = {Gmsh: a three-dimensional finite element mesh generator with built-in pre-and post-processing facilities},
  journal = {International Journal for Numerical Methods},
 volume={79(11)},
 pages={1309--1331},
 year={2009},
 url={http://gmsh.info}
}

@techreport{hendrickson1995chaco,
  title={The Chaco user’s guide Version 2.0},
  author={Hendrickson, Bruce and Leland, Robert},
  year={1995},
  institution={Technical Report SAND95-2344, Sandia National Laboratories}
}
@article{karypis1998software,
  title={A software package for partitioning unstructured graphs, partitioning meshes, and computing fill-reducing orderings of sparse matrices},
  author={Karypis, George and Kumar, Vipin},
  journal={University of Minnesota, Department of Computer Science and Engineering, Army HPC Research Center, Minneapolis, MN},
  year={1998}
}
